@article{babu2004goodness,
  title={Goodness-of-fit tests when parameters are estimated},
  author={Babu, G Jogesh and Rao, Calyampudi R},
  journal={Sankhy{\=a}: The Indian Journal of Statistics},
  pages={63--74},
  year={2004},
  publisher={JSTOR}
}
@article{naess2012application,
  title={Application of the Kolmogorov-Smirnov test to CMB data: Is the universe really weakly random?},
  author={N{\ae}ss, Sigurd Kirkevold},
  journal={Astronomy \& Astrophysics},
  volume={538},
  pages={A17},
  year={2012},
  publisher={EDP Sciences}
}
@article{mccullough1985application,
  title={Application of the Kolmogorov-Smirnov test to seasonal phenomena may be inappropriate},
  author={McCullough, John M},
  journal={American Journal of Physical Anthropology},
  volume={68},
  number={3},
  pages={393--394},
  year={1985},
  publisher={Wiley Online Library}
}
@article{zeimbekakis2022misuses,
  title={On Misuses of the Kolmogorov--Smirnov Test for One-Sample Goodness-of-Fit},
  author={Zeimbekakis, Anthony},
  year={2022}
}
@article{buhlmann2002bootstraps,
	author = {B{\"u}hlmann, Peter},
	date-added = {2023-01-06 02:42:28 +0530},
	date-modified = {2023-01-06 02:44:01 +0530},
	journal = {Statistical Science},
	pages = {52--72},
	title = {Bootstraps for time series},
	year = {2002}
}